}@article{cite:my_si,
  title = {把持確認が可能なカラビナ型グリッパを有するネット登攀ロボット},
  author = {伊藤 一歩 and 工藤 俊亮 and 木村 航平},
  journal = {第25回計測自動制御学会システムインテグレーション部門講演会 (SI2024)},
  note = {2B4-05, 2024}
}